@article{Bonizzoni_2020,
	doi = {10.1016/j.tcs.2020.11.041},
	url = {https://doi.org/10.1016%2Fj.tcs.2020.11.041},
	year = 2020,
	month = {nov},
	publisher = {Elsevier {BV}},
	author = {Paola Bonizzoni and Gianluca Della Vedova and Yuri Pirola and Marco Previtali and Raffaella Rizzi},
	title = {Computing the multi-string {BWT} and {LCP} array in external memory},
	journal = {Theoretical Computer Science}
},
@article{Denti_2020,
	doi = {10.1093/bioinformatics/btaa779},
	url = {https://doi.org/10.1093%2Fbioinformatics%2Fbtaa779},
	year = 2020,
	month = {sep},
	publisher = {Oxford University Press ({OUP})},
	author = {Luca Denti and Yuri Pirola and Marco Previtali and Tamara Ceccato and Gianluca Della Vedova and Raffaella Rizzi and Paola Bonizzoni},
	editor = {Yann Ponty},
	title = {Shark: fishing relevant reads in an {RNA}-Seq sample},
	journal = {Bioinformatics}
},
@article{Ciccolella_2020,
	doi = {10.1093/bioinformatics/btaa722},
	url = {https://doi.org/10.1093%2Fbioinformatics%2Fbtaa722},
	year = 2020,
	month = {aug},
	publisher = {Oxford University Press ({OUP})},
	author = {Simone Ciccolella and Camir Ricketts and Mauricio Soto Gomez and Murray Patterson and Dana Silverbush and Paola Bonizzoni and Iman Hajirasouliha and Gianluca Della Vedova},
	editor = {Pier Luigi Martelli},
	title = {Inferring Cancer Progression from Single-Cell Sequencing while Allowing Mutation Losses},
	journal = {Bioinformatics}
},
@article{Ciccolella_2020,
	doi = {10.1101/2020.05.05.076992},
	url = {https://doi.org/10.1101%2F2020.05.05.076992},
	year = 2020,
	month = {may},
	publisher = {Cold Spring Harbor Laboratory},
	author = {Simone Ciccolella and Luca Denti and Paola Bonizzoni and Gianluca Della Vedova and Yuri Pirola and Marco Previtali},
	title = {{MALVIRUS}: an integrated web application for viral variant calling}
},
@article{Bonizzoni_2019,
	doi = {10.1109/tcbb.2018.2865729},
	url = {https://doi.org/10.1109%2Ftcbb.2018.2865729},
	year = 2019,
	month = {sep},
	publisher = {Institute of Electrical and Electronics Engineers ({IEEE})},
	volume = {16},
	number = {5},
	pages = {1410--1423},
	author = {Paola Bonizzoni and Simone Ciccolella and Gianluca Della Vedova and Mauricio Soto},
	title = {Does Relaxing the Infinite Sites Assumption Give Better Tumor Phylogenies? An {ILP}-Based Comparative Approach},
	journal = {{IEEE}/{ACM} Transactions on Computational Biology and Bioinformatics}
},
@article{Ciccolella_2019,
	doi = {10.1101/586545},
	url = {https://doi.org/10.1101%2F586545},
	year = 2019,
	month = {mar},
	publisher = {Cold Spring Harbor Laboratory},
	author = {Simone Ciccolella and Murray Patterson and Paola Bonizzoni and Gianluca Della Vedova},
	title = {Effective clustering for single cell sequencing cancer data}
},
@article{Ciccolella_2018,
	doi = {10.1101/268243},
	url = {https://doi.org/10.1101%2F268243},
	year = 2018,
	month = {feb},
	publisher = {Cold Spring Harbor Laboratory},
	author = {Simone Ciccolella and Mauricio Soto Gomez and Murray Patterson and Gianluca Della Vedova and Iman Hajirasouliha and Paola Bonizzoni},
	title = {Inferring Cancer Progression from Single-cell Sequencing while Allowing Mutation Losses}
},
@article{Vedova2017,title = {A colored graph approach to perfect phylogeny with persistent characters},journal = {Theoretical Computer Science},year = {2017},volume = {658},pages = {60-73},author = {Bonizzoni, P. and Carrieri, A.P. and Della Vedova, G. and Rizzi, R. and Trucco, G.}},
@article{Vedova2017,title = {An External-Memory Algorithm for String Graph Construction},journal = {Algorithmica},year = {2017},volume = {78},number = {2},pages = {394-424},author = {Bonizzoni, P. and Della Vedova, G. and Pirola, Y. and Previtali, M. and Rizzi, R.}},
@article{Vedova2017,title = {Beyond Perfect phylogeny: Multisample Phylogeny reconstruction via ILP},journal = {ACM-BCB 2017 - Proceedings of the 8th ACM International Conference on Bioinformatics, Computational Biology, and Health Informatics},year = {2017},pages = {1-10},author = {Bonizzoni, P. and Vedova, G.D. and Ciccolella, S. and Soto, M.}},
@article{Vedova2017,title = {Character-based phylogeny construction and its application to tumor evolution},journal = {Lecture Notes in Computer Science (including subseries Lecture Notes in Artificial Intelligence and Lecture Notes in Bioinformatics)},year = {2017},volume = {10307 LNCS},pages = {3-13},author = {Vedova, G.D. and Patterson, M. and Rizzi, R. and Soto, M.}},
@article{Vedova2017,title = {FSG: Fast String Graph Construction for de Novo Assembly},journal = {Journal of Computational Biology},year = {2017},volume = {24},number = {10},pages = {953-968},author = {Bonizzoni, P. and Vedova, G.D. and Pirola, Y. and Previtali, M. and Rizzi, R.}},
@article{Vedova2017,title = {Species-driven persistent phylogeny},journal = {Fundamenta Informaticae},year = {2017},volume = {154},number = {1-4},pages = {47-63},author = {Bonizzoni, P. and Carrieri, A.P. and Della Vedova, G. and Rizzi, R. and Trucco, G.}},
@article{Beretta_2016,
	doi = {10.7287/peerj.preprints.2212v1},
	url = {https://doi.org/10.7287%2Fpeerj.preprints.2212v1},
	year = 2016,
	month = {jul},
	publisher = {{PeerJ}},
	author = {Stefano Beretta and Yuri Pirola and Valeria Ranzani and Grazisa Rossetti and Raoul Bonnal and Raffaella Rizzi and Gianluca Della Vedova and Massimiliano Pagani and Paola Bonizzoni},
	title = {A tool for the comparison of transcript differential expression analysis pipelines}
},
@article{Beretta_2016,
	doi = {10.7287/peerj.preprints.2212},
	url = {https://doi.org/10.7287%2Fpeerj.preprints.2212},
	year = 2016,
	month = {jul},
	publisher = {{PeerJ}},
	author = {Stefano Beretta and Yuri Pirola and Valeria Ranzani and Grazisa Rossetti and Raoul Bonnal and Raffaella Rizzi and Gianluca Della Vedova and Massimiliano Pagani and Paola Bonizzoni},
	title = {A tool for the comparison of transcript differential expression analysis pipelines}
},
@article{Gianluca_Della_Vedova_23117664,
title={LSG: An External-Memory Tool to Compute String Graphs for Next-Generation Sequencing Data Assembly.},
author={Gianluca Della Vedova and Bonizzoni P and Vedova GD and Pirola Y and Previtali M and Rizzi R},
doi={10.1089/cmb.2015.0172},
url={http://doi.org/10.1089/cmb.2015.0172},
year={2016}
},
@article{Gianluca_Della_Vedova_23117663,
title={Tools and data services registry: a community effort to document bioinformatics resources.},
author={Gianluca Della Vedova and Ison J and Rapacki K and M{\'e}nager H and Kala\v{s} M and Rydza E and Chmura P and Anthon C and Beard N and Berka K and Bolser D and Booth T and Bretaudeau A and Brezovsky J and Casadio R and Cesareni G and Coppens F and Cornell M and Cuccuru G and Davidsen K and Vedova GD},
doi={10.1093/nar/gkv1116},
url={http://doi.org/10.1093/nar/gkv1116},
year={2016}
},
@article{Vedova2016,title = {FSG: Fast string graph construction for de novo assembly of reads data},journal = {Lecture Notes in Computer Science (including subseries Lecture Notes in Artificial Intelligence and Lecture Notes in Bioinformatics)},year = {2016},volume = {9683},pages = {27-39},author = {Bonizzoni, P. and Della Vedova, G. and Pirola, Y. and Previtali, M. and Rizzi, R.}},
@article{Gianluca_Della_Vedova_20980925,
title={Transcriptome assembly and alternative splicing analysis.},
author={Gianluca Della Vedova and Bonizzoni P and Della Vedova G and Pesole G and Picardi E and Pirola Y and Rizzi R},
doi={10.1007/978-1-4939-2291-8\_11},
url={http://doi.org/10.1007/978-1-4939-2291-8\_11},
year={2015}
},
@article{Gianluca_Della_Vedova_20980928,
title={Modeling alternative splicing variants from RNA-Seq data with isoform graphs.},
author={Gianluca Della Vedova and Beretta S and Bonizzoni P and Vedova GD and Pirola Y and Rizzi R},
doi={10.1089/cmb.2013.0112},
url={http://doi.org/10.1089/cmb.2013.0112},
year={2014}
},
@article{Vedova2014,title = {Constructing string graphs in external memory},journal = {Lecture Notes in Computer Science (including subseries Lecture Notes in Artificial Intelligence and Lecture Notes in Bioinformatics)},year = {2014},volume = {8701 LNBI},pages = {311-325},author = {Bonizzoni, P. and Della Vedova, G. and Pirola, Y. and Previtali, M. and Rizzi, R.}},
@article { dellavedova2014,title = {Constructing string graphs in external memory},journal = {Lecture Notes in Computer Science (including subseries Lecture Notes in Artificial Intelligence and Lecture Notes in Bioinformatics)},year = {2014},volume = {8701 LNBI},pages = {311-325},author = {Bonizzoni, P. and Della Vedova, G. and Pirola, Y. and Previtali, M. and Rizzi, R.}},
@article{Vedova2014,title = {Effectiveness of oral bisphosphonates for primary prevention of osteoporotic fractures: Evidence from the AIFA-BEST observational study},journal = {European Journal of Clinical Pharmacology},year = {2014},volume = {70},number = {9},pages = {1129-1137},author = {Ghirardi, A. and Di Bari, M. and Zambon, A. and Scotti, L. and Della Vedova, G. and Lapi, F. and Cipriani, F. and Caputi, A.P. and Vaccheri, A. and Gregori, D. and Gesuita, R. and Vestri, A. and Staniscia, T. and Mazzaglia, G. and Corrao, G.}},
@article{Gianluca_Della_Vedova_20980926,
title={Explaining evolution via constrained persistent perfect phylogeny.},
author={Gianluca Della Vedova and Bonizzoni P and Carrieri AP and Della Vedova G and Trucco G},
doi={10.1186/1471-2164-15-S6-S10},
url={http://doi.org/10.1186/1471-2164-15-S6-S10},
year={2014}
},
@article{Gianluca_Della_Vedova_20980927,
title={Oral bisphosphonates do not increase the risk of severe upper gastrointestinal complications: a nested case-control study.},
author={Gianluca Della Vedova and Ghirardi A and Scotti L and Vedova GD and D{'}Oro LC and Lapi F and Cipriani F and Caputi AP and Vaccheri A and Gregori D and Gesuita R and Vestri A and Staniscia T and Mazzaglia G and Corrao G and AIFA-BEST Investigators},
doi={10.1186/1471-230X-14-5},
url={http://doi.org/10.1186/1471-230X-14-5},
year={2014}
},
@article{Vedova2014,title = {User-only design to assess drug effectiveness in clinical practice: Application to bisphosphonates and secondary prevention of fractures},journal = {Pharmacoepidemiology and Drug Safety},year = {2014},volume = {23},number = {8},pages = {859-867},author = {Corrao, G. and Ghirardi, A. and Segafredo, G. and Zambon, A. and Della Vedova, G. and Lapi, F. and Cipriani, F. and Caputi, A. and Vaccheri, A. and Gregori, D. and Gesuita, R. and Vestri, A. and Staniscia, T. and Mazzaglia, G. and Di Bari, M.}},
@article{Vedova2014,title = {When and how the perfect phylogeny model explains evolution},journal = {Natural Computing Series},year = {2014},volume = {48},pages = {67-83},author = {Bonizzoni, P. and Carrieri, A.P. and Della Vedova, G. and Dondi, R. and Przytycka, T.M.}},
@article{Vedova2013,title = {Haplotype-based prediction of gene alleles using pedigrees and SNP genotypes},journal = {2013 ACM Conference on Bioinformatics, Computational Biology and Biomedical Informatics, ACM-BCB 2013},year = {2013},pages = {33-41},author = {Pirola, Y. and Vedova, G.D. and Bonizzoni, P. and Stella, A. and Biscarini, F.}},
@article{Vedova2013,title = {Risk of severe upper gastrointestinal complications among oral bisphosphonate users},journal = {PLoS ONE},year = {2013},volume = {8},number = {12},author = {Ghirardi, A. and Scotti, L. and Zambon, A. and Della Vedova, G. and D{'}Oro, L.C. and Lapi, F. and Cipriani, F. and Caputi, A.P. and Vaccheri, A. and Gregori, D. and Gesuita, R. and Vestri, A. and Staniscia, T. and Mazzaglia, G. and Corrao, G.}},
@article{Vedova2012,title = {A fast and practical approach to genotype phasing and imputation on a pedigree with erroneous and incomplete information},journal = {2012 IEEE 2nd International Conference on Computational Advances in Bio and Medical Sciences, ICCABS 2012},year = {2012},author = {Pirola, Y. and Vedova, G.D. and Biffani, S. and Stella, A. and Bonizzoni, P.}},
@article{Gianluca_Della_Vedova_20980929,
title={A fast and practical approach to genotype phasing and imputation on a pedigree with erroneous and incomplete information.},
author={Gianluca Della Vedova and Pirola Y and Della Vedova G and Biffani S and Stella A and Bonizzoni P},
doi={10.1109/TCBB.2012.100},
url={http://doi.org/10.1109/TCBB.2012.100},
year={2012}
},
@article{Gianluca_Della_Vedova_20980930,
title={PIntron: a fast method for detecting the gene structure due to alternative splicing via maximal pairings of a pattern and a text.},
author={Gianluca Della Vedova and Pirola Y and Rizzi R and Picardi E and Pesole G and Della Vedova G and Bonizzoni P},
doi={10.1186/1471-2105-13-S5-S2},
url={http://doi.org/10.1186/1471-2105-13-S5-S2},
year={2012}
},
@article{Vedova2012,title = {Reconstructing isoform graphs from RNA-Seq data},journal = {Proceedings - 2012 IEEE International Conference on Bioinformatics and Biomedicine, BIBM 2012},year = {2012},pages = {499-502},author = {Beretta, S. and Bonizzoni, P. and Rizzi, R. and Della Vedova, G.}},
@article{Gianluca_Della_Vedova_7197565,
title={Parameterized complexity of k-anonymity: hardness and tractability},
author={Gianluca Della Vedova},
doi={10.1007/s10878-011-9428-9},
url={http://doi.org/10.1007/s10878-011-9428-9},
year={2011}
},
@article{Vedova2011,title = {PIntron: A fast method for gene structure prediction via maximal pairings of a pattern and a text},journal = {2011 IEEE 1st International Conference on Computational Advances in Bio and Medical Sciences, ICCABS 2011},year = {2011},pages = {33-39},author = {Bonizzoni, P. and Della Vedova, G. and Pirola, Y. and Rizzi, R.}},
@article{Vedova2011,title = {Parameterized complexity of k-anonymity: Hardness and tractability},journal = {Lecture Notes in Computer Science (including subseries Lecture Notes in Artificial Intelligence and Lecture Notes in Bioinformatics)},year = {2011},volume = {6460 LNCS},pages = {242-255},author = {Bonizzoni, P. and Della Vedova, G. and Dondi, R. and Pirola, Y.}},
@article{Vedova2009,title = {Minimum factorization agreement of spliced ests},journal = {Lecture Notes in Computer Science (including subseries Lecture Notes in Artificial Intelligence and Lecture Notes in Bioinformatics)},year = {2009},volume = {5724 LNBI},pages = {1-12},author = {Bonizzoni, P. and Della Vedova, G. and Dondi, R. and Pirola, Y. and Rizzi, R.}},
@article{Vedova2009,title = {Pure parsimony xor haplotyping},journal = {Lecture Notes in Computer Science (including subseries Lecture Notes in Artificial Intelligence and Lecture Notes in Bioinformatics)},year = {2009},volume = {5542},pages = {186-197},author = {Bonizzoni, P. and Vedova, G.D. and Dondi, R. and Pirola, Y. and Rizzi, R.}},
@article{Vedova2009,title = {The k-anonymity problem is hard},journal = {Lecture Notes in Computer Science (including subseries Lecture Notes in Artificial Intelligence and Lecture Notes in Bioinformatics)},year = {2009},volume = {5699 LNCS},pages = {26-37},author = {Bonizzoni, P. and Della Vedova, G. and Dondi, R.}},
@book{Gianluca_Della_Vedova_7197575,
title={The Comparison of Phylogenetic Networks: Algorithms and Complexity},
author={Gianluca Della Vedova},
doi={10.1002/9780470253441.ch7},
url={http://doi.org/10.1002/9780470253441.ch7},
year={2007}
},
@article{Vedova2007,title = {Exemplar longest common subsequence},journal = {IEEE/ACM Transactions on Computational Biology and Bioinformatics},year = {2007},volume = {4},number = {4},pages = {535-543},author = {Bonizzoni, P. and Della Vedova, G. and Dondi, R. and Fertin, G. and Rizzi, R. and Vialette, S.}},
@article{Vedova2006,title = {Exemplar Longest Common Subsequence},journal = {Lecture Notes in Computer Science (including subseries Lecture Notes in Artificial Intelligence and Lecture Notes in Bioinformatics)},year = {2006},volume = {3992 LNCS - II},pages = {622-629},author = {Bonizzoni, P. and Della Vedova, G. and Dondi, R. and Fertin, G. and Vialette, S.}},
@article{Vedova2006,title = {Fingerprint clustering with bounded number of missing values},journal = {Lecture Notes in Computer Science (including subseries Lecture Notes in Artificial Intelligence and Lecture Notes in Bioinformatics)},year = {2006},volume = {4009 LNCS},pages = {106-116},author = {Bonizzoni, P. and Della Vedova, G. and Dondi, R. and Mauri, G.}},
@article{Vedova2005,title = {An explicit upper bound for the approximation ratio of the maximum gene regulatory network problem},journal = {Lecture Notes in Bioinformatics (Subseries of Lecture Notes in Computer Science)},year = {2005},volume = {3082},pages = {1-8},author = {Pozzi, S. and Della Vedova, G. and Mauri, G.}},
@article{Vedova2005,title = {Correlation clustering and consensus clustering},journal = {Lecture Notes in Computer Science (including subseries Lecture Notes in Artificial Intelligence and Lecture Notes in Bioinformatics)},year = {2005},volume = {3827 LNCS},pages = {226-235},author = {Bonizzoni, P. and Della Vedova, G. and Dondi, R. and Jiang, T.}},
@article{Vedova2005,title = {Experimental analysis of a new algorithm for partial haplotype completion},journal = {Lecture Notes in Computer Science},year = {2005},volume = {3515},number = {II},pages = {952-959},author = {Bonizzoni, P. and Vedova, G.D. and Dondi, R. and Mariani, L.}},
@article{Vedova2005,title = {Experimental analysis of a new algorithm for partial haplotype completion},journal = {International Journal of Bioinformatics Research and Applications},year = {2005},volume = {1},number = {4},pages = {461-473},author = {Bonizzoni, P. and Vedova, G.D. and Dondi, R. and Mariani, L.}},
@article{Gianluca_Della_Vedova_20980931,
title={Experimental analysis of a new algorithm for partial haplotype completion.},
author={Gianluca Della Vedova and Bonizzoni P and Della Vedova G and Dondi R and Mariani L},
year={2005}
},
@article{Vedova2005,title = {Towards a theory of conservative computing},journal = {International Journal of Theoretical Physics},year = {2005},volume = {44},number = {7},pages = {861-873},author = {Cattaneo, G. and Della Vedova, G. and Leporati, A. and Leporini, R.}},
@article{Vedova2004,title = {Foreword},journal = {Journal of Computer Science and Technology},year = {2004},volume = {19},number = {1},author = {Bonizzoni, P. and Della Vedova, G. and Jiang, T.}},
@article { dellavedova2003,title = {A library of efficient bioinformatics algorithms.},journal = {Appl Bioinformatics},year = {2003},volume = {2},number = {2},pages = {117-121},author = {Della Vedova, G. and Dondi, R.}},
@article{Vedova2003,title = {A library of efficient bioinformatics algorithms.},journal = {Appl Bioinformatics},year = {2003},volume = {2},number = {2},pages = {117-121},author = {Della Vedova, G. and Dondi, R.}},
@article{Vedova2003,title = {Reconciling gene trees to a species tree},journal = {Lecture Notes in Computer Science (including subseries Lecture Notes in Artificial Intelligence and Lecture Notes in Bioinformatics)},year = {2003},volume = {2653},pages = {120-131},author = {Bonizzoni, P. and Della Vedova, G. and Dondi, R.}},
@article{Vedova2003,title = {The haplotyping problem: An overview of computational models and solutions},journal = {Journal of Computer Science and Technology},year = {2003},volume = {18},number = {6},pages = {675-688},author = {Bonizzoni, P. and Della Vedova, G. and Dondi, R. and Li, J.}},
@article{Vedova2002,title = {Analysis of bacterial community composition by oligonucleotide fingerprinting of rRNA genes},journal = {Applied and Environmental Microbiology},year = {2002},volume = {68},number = {7},pages = {3243-3250},author = {Valinsky, L. and Vedova, G.D. and Scupham, A.J. and Alvey, S. and Figueroa, A. and Yin, B. and Hartin, R.J. and Chrobak, M. and Crowley, D.E. and Jiang, T. and Borneman, J.}},
@article{Vedova2002,title = {Approximating minimum quartet inconsistency (abstract)},journal = {Proceedings of the Annual ACM-SIAM Symposium on Discrete Algorithms},year = {2002},volume = {06-08-January-2002},pages = {894-895},author = {Della Vedova, G. and Jiang, T. and Li, J. and Wen, J.}},
@article{Vedova2002,title = {Oligonucleotide fingerprinting of rRNA genes for analysis of fungal community composition},journal = {Applied and Environmental Microbiology},year = {2002},volume = {68},number = {12},pages = {5999-6004},author = {Valinsky, L. and Della Vedova, G. and Jiang, T. and Borneman, J.}},
@article{Vedova2002,title = {Optimal algorithms for local vertex quartet cleaning},journal = {Proceedings of the ACM Symposium on Applied Computing},year = {2002},pages = {173-177},author = {Vedova, G.D. and Wareham, H.T.}},
@article{Vedova2002,title = {Optimal algorithms for local vertex quartet cleaning},journal = {Bioinformatics},year = {2002},volume = {18},number = {10},pages = {1297-1304},author = {Della Vedova, G.D. and Wareham, H.T.}},
@article{Vedova2001,title = {Probe selection algorithms with applications in the analysis of microbial communities},journal = {Bioinformatics},year = {2001},volume = {17},number = {SUPPL. 1},author = {Borneman, J. and Chrobak, M. and Vedova, G.D. and Figueroa, A. and Jiang, T.}},
@article{Vedova2000,title = {Approximating the maximum isomorphic agreement subtree is hard},journal = {Lecture Notes in Computer Science (including subseries Lecture Notes in Artificial Intelligence and Lecture Notes in Bioinformatics)},year = {2000},volume = {1848},pages = {119-128},author = {Bonizzoni, P. and Vedova, G.D. and Mauri, G.}},
@article{Vedova1995,title = {Modular decomposition of hypergraphs},journal = {Lecture Notes in Computer Science (including subseries Lecture Notes in Artificial Intelligence and Lecture Notes in Bioinformatics)},year = {1995},volume = {1017},pages = {304-317},author = {Bonizzoni, P. and Della Vedova, G.}},
@article{Gianluca_Della_Vedova_7197529,
title={A randomized PTAS for the minimum Consensus Clustering with a fixed number of clusters},
author={Gianluca Della Vedova},
doi={10.1016/j.tcs.2011.12.022},
url={http://doi.org/10.1016/j.tcs.2011.12.022}
},
@article{Gianluca_Della_Vedova_7197531,
title={APPROXIMATING THE MAXIMUM ISOMORPHIC AGREEMENT SUBTREE IS HARD},
author={Gianluca Della Vedova},
doi={10.1142/S0129054100000363},
url={http://doi.org/10.1142/S0129054100000363}
},
@article{Gianluca_Della_Vedova_7197532,
title={An Algorithm for the Modular Decomposition of Hypergraphs},
author={Gianluca Della Vedova},
doi={10.1006/jagm.1999.1016},
url={http://doi.org/10.1006/jagm.1999.1016}
},
@article{Gianluca_Della_Vedova_7197537,
title={Anonymizing binary and small tables is~hard~to~approximate},
author={Gianluca Della Vedova},
doi={10.1007/s10878-009-9277-y},
url={http://doi.org/10.1007/s10878-009-9277-y}
},
@article{Gianluca_Della_Vedova_7197538,
title={Beyond evolutionary trees},
author={Gianluca Della Vedova},
doi={10.1007/s11047-009-9156-6},
url={http://doi.org/10.1007/s11047-009-9156-6}
},
@article{Gianluca_Della_Vedova_7197543,
title={Experimental analysis of a new algorithm for partial haplotype completion},
author={Gianluca Della Vedova},
doi={10.1504/IJBRA.2005.008448},
url={http://doi.org/10.1504/IJBRA.2005.008448}
},
@article{Gianluca_Della_Vedova_7197545,
title={Experimenting an approximation algorithm for the LCS},
author={Gianluca Della Vedova},
doi={10.1016/S0166-218X(00)00300-0},
url={http://doi.org/10.1016/S0166-218X(00)00300-0}
},
@article{Gianluca_Della_Vedova_7197547,
title={Fingerprint Clustering with Bounded Number of~Missing Values},
author={Gianluca Della Vedova},
doi={10.1007/s00453-008-9265-0},
url={http://doi.org/10.1007/s00453-008-9265-0}
},
@article{Gianluca_Della_Vedova_7197550,
title={Foreword},
author={Gianluca Della Vedova},
doi={10.1007/BF02944780},
url={http://doi.org/10.1007/BF02944780}
},
@article{Gianluca_Della_Vedova_7197552,
title={Improving probe set selection for microbial community analysis by leveraging taxonomic information of training sequences},
author={Gianluca Della Vedova},
doi={10.1186/1471-2105-12-394},
url={http://doi.org/10.1186/1471-2105-12-394}
},
@article{Gianluca_Della_Vedova_7197555,
title={Multiple Sequence Alignment as a Facility-Location Problem},
author={Gianluca Della Vedova},
doi={10.1287/ijoc.1040.0093},
url={http://doi.org/10.1287/ijoc.1040.0093}
},
@article{Gianluca_Della_Vedova_7197557,
title={On the Approximation of Correlation Clustering and Consensus Clustering},
author={Gianluca Della Vedova},
doi={10.1016/j.jcss.2007.06.024},
url={http://doi.org/10.1016/j.jcss.2007.06.024}
},
@conference{Gianluca_Della_Vedova_7197559,
title={Optimal algorithms for local vertex quartet cleaning},
author={Gianluca Della Vedova},
doi={10.1145/508820.508827},
url={http://doi.org/10.1145/508820.508827}
},
@article{Gianluca_Della_Vedova_7197568,
title={Pure Parsimony Xor Haplotyping},
author={Gianluca Della Vedova},
doi={10.1109/TCBB.2010.52},
url={http://doi.org/10.1109/TCBB.2010.52}
},
@article{Gianluca_Della_Vedova_7197571,
title={Reconciling a gene tree to a species tree under the duplication cost model},
author={Gianluca Della Vedova},
doi={10.1016/j.tcs.2005.05.016},
url={http://doi.org/10.1016/j.tcs.2005.05.016}
},
@article{Gianluca_Della_Vedova_7197576,
title={The complexity of multiple sequence alignment with SP-score that is a metric},
author={Gianluca Della Vedova},
doi={10.1016/S0304-3975(99)00324-2},
url={http://doi.org/10.1016/S0304-3975(99)00324-2}
},
@article{Gianluca_Della_Vedova_7197581,
title={Variants of constrained longest common subsequence},
author={Gianluca Della Vedova},
doi={10.1016/j.ipl.2010.07.015},
url={http://doi.org/10.1016/j.ipl.2010.07.015}
}